@article{AlexQED1,
  title = {On {{Infinite Field Reactions}} in {{Quantum Field Theory}}},
  author = {Tomonaga, Sin-Itiro and Oppenheimer, J. R.},
  date = {1948-07-15},
  journaltitle = {Physical Review},
  volume = {74},
  number = {2},
  pages = {224--225},
  doi = {10.1103/PhysRev.74.224}
}

@article{AlexQED2,
  title = {Quantum {{Electrodynamics}}. {{I}}. {{A Covariant Formulation}}},
  author = {Schwinger, Julian},
  date = {1948-11-15},
  journaltitle = {Physical Review},
  volume = {74},
  number = {10},
  pages = {1439--1461},
  doi = {10.1103/PhysRev.74.1439}
}

@article{AlexQED3,
  title = {Quantum {{Electrodynamics}}. {{III}}. {{The Electromagnetic Properties}} of the {{Electron}}—{{Radiative Corrections}} to {{Scattering}}},
  author = {Schwinger, Julian},
  date = {1949-09-15},
  journaltitle = {Physical Review},
  volume = {76},
  number = {6},
  pages = {790--817},
  doi = {10.1103/PhysRev.76.790}
}

@article{AlexQED4,
  title = {The {{S Matrix}} in {{Quantum Electrodynamics}}},
  author = {Dyson, F. J.},
  date = {1949-06-01},
  journaltitle = {Physical Review},
  volume = {75},
  number = {11},
  pages = {1736--1755},
  doi = {10.1103/PhysRev.75.1736}
}

@article{Dirac1928,
  title = {The Quantum Theory of the Electron},
  author = {{Paul Dirac}},
  date = {1928-02},
  journaltitle = {Proceedings of the Royal Society of London. Series A, Containing Papers of a Mathematical and Physical Character},
  volume = {117},
  number = {778},
  pages = {610--624},
  doi = {10.1098/rspa.1928.0023}
}

@article{DiscoveryPimeson,
  title = {Discovery of the {{Pi-meson}}},
  author = {Vieira, Cássio Leite and Videira, Antonio Augusto Passos},
  date = {2014-03},
  journaltitle = {Physics in Perspective},
  volume = {16},
  number = {1},
  pages = {3--36},
  doi = {10.1007/s00016-014-0128-6}
}

@article{Fermi1934,
  title = {Versuch Einer Theorie Der $\beta$-Strahlen},
  author = {Fermi, E.},
  date = {1934-03},
  journaltitle = {Zeitschrift fur Physik},
  volume = {88},
  number = {3-4},
  pages = {161-177},
  doi = {10.1007/BF01351864}
}

@article{GaugeSym,
  title = {Which Symmetry? {{Noether}}, {{Weyl}}, and Conservation of Electric Charge},
  author = {Brading, Katherine A.},
  date = {2002-03},
  journaltitle = {Studies in History and Philosophy of Science Part B: Studies in History and Philosophy of Modern Physics},
  volume = {33},
  number = {1},
  pages = {3--22},
  doi = {10.1016/S1355-2198(01)00033-8}
}

@article{GellMan1964,
  title = {A Schematic Model of Baryons and Mesons},
  author = {Gell-Mann, M.},
  date = {1964-02},
  journaltitle = {Physics Letters},
  volume = {8},
  number = {3},
  pages = {214--215},
  doi = {10.1016/S0031-9163(64)92001-3}
}

@article{GellManMatrix,
  title = {Symmetries of {{Baryons}} and {{Mesons}}},
  author = {Gell-Mann, Murray},
  date = {1962-02-01},
  journaltitle = {Physical Review},
  volume = {125},
  number = {3},
  pages = {1067--1084},
  doi = {10.1103/PhysRev.125.1067}
}

@article{Glashow1961,
  title = {Partial-Symmetries of Weak Interactions},
  author = {Glashow, Sheldon L.},
  date = {1961-02},
  journaltitle = {Nuclear Physics},
  volume = {22},
  number = {4},
  pages = {579--588},
  doi = {10.1016/0029-5582(61)90469-2}
}

@article{Gordon1926,
  title = {Der Comptoneffekt nach der Schrödingerschen Theorie},
  author = {Gordon, W.},
  date = {1926-01},
  journaltitle = {Zeitschrift fur Physik},
  volume = {40},
  number = {1-2},
  pages = {117--133},
  doi = {10.1007/BF01390840}
}

@article{Kaon1947,
  title = {Evidence for the {{Existence}} of {{New Unstable Elementary Particles}}},
  author = {ROCHESTERDr., G. D. and BUTLERDr., C. C.},
  date = {1947-12},
  journaltitle = {Nature},
  volume = {160},
  number = {4077},
  pages = {855--857},
  doi = {10.1038/160855a0}
}

@article{Klein1926,
  title = {Quantentheorie und fünfdimensionale Relativitätstheorie},
  author = {Klein, Oskar},
  date = {1926-12},
  journaltitle = {Zeitschrift fur Physik},
  volume = {37},
  number = {12},
  pages = {895--906},
  doi = {10.1007/BF01397481}
}

@article{Lambda1950,
  title = {Evidence {{Concerning}} the {{Existence}} of the {{New Unstable Elementary Neutral Particle}}},
  author = {Hopper, V. D. and Biswas, S.},
  date = {1950-12-15},
  journaltitle = {Physical Review},
  volume = {80},
  number = {6},
  pages = {1099--1100},
  doi = {10.1103/PhysRev.80.1099}
}

@article{MaskedParticleModeling,
  title = {Masked Particle Modeling on Sets: Towards Self-Supervised High Energy Physics Foundation Models},
  author = {Golling, Tobias and Heinrich, Lukas and Kagan, Michael and Klein, Samuel and Leigh, Matthew and Osadchy, Margarita and Andrew Raine, John},
  date = {2024-09-01},
  journaltitle = {Machine Learning: Science and Technology},
  volume = {5},
  number = {3},
  pages = {035074},
  doi = {10.1088/2632-2153/ad64a8}
}

@article{NeutrinoOsc,
  title = {Phenomenology with Massive Neutrinos},
  author = {Gonzalez-Garcia, M.C. and Maltoni, Michele},
  date = {2008-04},
  journaltitle = {Physics Reports},
  volume = {460},
  number = {1-3},
  pages = {1--129},
  doi = {10.1016/j.physrep.2007.12.004}
}

@article{Noether1918,
  title = {Invariante variationsprobleme},
  author = {Noether, E.},
  date = {1918},
  journaltitle = {Nachrichten von der Gesellschaft der Wissenschaften zu Göttingen, Mathematisch-Physikalische Klasse},
  volume = {1918},
  pages = {235--257},
  url = {http://eudml.org/doc/59024}
}

@article{ParticleDataGroup,
  title = {Review of Particle Physics},
  author = {Navas, S. and others},
  date = {2024},
  journaltitle = {Physical Review D: Particles and Fields},
  volume = {110},
  number = {3},
  pages = {030001},
  doi = {10.1103/PhysRevD.110.030001},
  collaboration = {Particle Data Group}
}

@article{PositiveElectron,
  title = {The {{Positive Electron}}},
  author = {Anderson, Carl D.},
  date = {1933-03-15},
  journaltitle = {Physical Review},
  volume = {43},
  number = {6},
  pages = {491--494},
  doi = {10.1103/PhysRev.43.491}
}

@article{ProductionHighSpeed,
  title = {The {{Production}} of {{High Speed Protons Without}} the {{Use}} of {{High Voltages}}},
  author = {Lawrence, Ernest O. and Livingston, M. Stanley},
  date = {1931-08-15},
  journaltitle = {Physical Review},
  volume = {38},
  number = {4},
  pages = {834--834},
  doi = {10.1103/PhysRev.38.834}
}

@article{QCD1,
  title = {Advantages of the Color Octet Gluon Picture},
  author = {Fritzsch, H. and Gell-Mann, M. and Leutwyler, H.},
  date = {1973-11},
  journaltitle = {Physics Letters B},
  volume = {47},
  number = {4},
  pages = {365--368},
  doi = {10.1016/0370-2693(73)90625-4}
}

@article{QCD2,
  title = {Three-{{Triplet Model}} with {{Double SU}} ( 3 ) {{Symmetry}}},
  author = {Han, M. Y. and Nambu, Y.},
  date = {1965-08-23},
  journaltitle = {Physical Review},
  volume = {139},
  pages = {B1006-B1010},
  doi = {10.1103/PhysRev.139.B1006},
  issue = {4B}
}

@article{QCD3,
  title = {Non-{{Abelian Gauge Theories}} of the {{Strong Interactions}}},
  author = {Weinberg, Steven},
  date = {1973-08-13},
  journaltitle = {Physical Review Letters},
  volume = {31},
  number = {7},
  pages = {494--497},
  doi = {10.1103/PhysRevLett.31.494}
}

@article{QED,
  title = {Mathematical {{Formulation}} of the {{Quantum Theory}} of {{Electromagnetic Interaction}}},
  author = {Feynman, R. P.},
  date = {1950-11-01},
  journaltitle = {Physical Review},
  volume = {80},
  number = {3},
  pages = {440--457},
  doi = {10.1103/PhysRev.80.440}
}

@article{Quark1,
  title = {Observed {{Behavior}} of {{Highly Inelastic Electron-Proton Scattering}}},
  author = {Breidenbach, M. and Friedman, J. I. and Kendall, H. W. and Bloom, E. D. and Coward, D. H. and DeStaebler, H. and Drees, J. and Mo, L. W. and Taylor, R. E.},
  date = {1969-10-20},
  journaltitle = {Physical Review Letters},
  volume = {23},
  number = {16},
  pages = {935--939},
  doi = {10.1103/PhysRevLett.23.935}
}

@article{Quark2,
  title = {High-{{Energy Inelastic}} e - p {{Scattering}} at 6° and 10°},
  author = {Bloom, E. D. and Coward, D. H. and DeStaebler, H. and Drees, J. and Miller, G. and Mo, L. W. and Taylor, R. E. and Breidenbach, M. and Friedman, J. I. and Hartmann, G. C. and Kendall, H. W.},
  date = {1969-10-20},
  journaltitle = {Physical Review Letters},
  volume = {23},
  number = {16},
  pages = {930--934},
  doi = {10.1103/PhysRevLett.23.930}
}

@article{Renorm1,
  title = {On a {{Relativistically Invariant Formulation}} of the {{Quantum Theory}} of {{Wave Fields}}},
  author = {Tomonaga, S.},
  date = {1946-08-01},
  journaltitle = {Progress of Theoretical Physics},
  volume = {1},
  number = {2},
  pages = {27--42},
  doi = {10.1143/PTP.1.27}
}

@article{Renorm10,
  title = {Space-{{Time Approach}} to {{Non-Relativistic Quantum Mechanics}}},
  author = {Feynman, R. P.},
  date = {1948-04-01},
  journaltitle = {Reviews of Modern Physics},
  volume = {20},
  number = {2},
  pages = {367--387},
  doi = {10.1103/RevModPhys.20.367}
}

@article{Renorm11,
  title = {A {{Relativistic Cut-Off}} for {{Classical Electrodynamics}}},
  author = {Feynman, R. P.},
  date = {1948-10-15},
  journaltitle = {Physical Review},
  volume = {74},
  number = {8},
  pages = {939--946},
  doi = {10.1103/PhysRev.74.939}
}

@article{Renorm12,
  title = {Relativistic {{Cut-Off}} for {{Quantum Electrodynamics}}},
  author = {Feynman, Richard P.},
  date = {1948-11-15},
  journaltitle = {Physical Review},
  volume = {74},
  number = {10},
  pages = {1430--1438},
  doi = {10.1103/PhysRev.74.1430}
}

@article{Renorm2,
  title = {On a {{Relativistically Invariant Formulation}} of the {{Quantum Theory}} of {{Wave Fields}}. {{II}}: {{Case}} of {{Interacting Electromagnetic}} and {{Electron Fields}}},
  author = {Koba, Z. and Tati, T. and Tomonaga, S.},
  date = {1947-10-01},
  journaltitle = {Progress of Theoretical Physics},
  volume = {2},
  number = {3},
  pages = {101--116},
  doi = {10.1143/ptp/2.3.101}
}

@article{Renorm3,
  title = {On a {{Relativistically Invariant Formulation}} of the {{Quantum Theory}} of {{Wave Fields}}. {{III}}: {{Case}} of {{Interacting Electromagnetic}} and {{Electron Fields}}},
  author = {Koba, Z. and Tati, T. and Tomonaga, S.},
  date = {1947-12-01},
  journaltitle = {Progress of Theoretical Physics},
  volume = {2},
  number = {4},
  pages = {198--208},
  doi = {10.1143/ptp/2.4.198}
}

@article{Renorm4,
  title = {On a {{Relativistically Invariant Formulation}} of the {{Quantum Theory}} of {{Wave Fields V}}: {{Case}} of {{Interacting Electromagnetic}} and {{Meson Fields}}},
  author = {Kanesawa, S. and Tomonaga, S.},
  date = {1948-06-01},
  journaltitle = {Progress of Theoretical Physics},
  volume = {3},
  number = {2},
  pages = {101--113},
  doi = {10.1143/ptp/3.2.101}
}

@article{Renorm5,
  title = {On {{Radiation Reactions}} in {{Collision Processes}}. {{I}}: {{Application}} of the "{{Self-Consistent}}" {{Subtraction Method}} to the {{Elastic Scattering}} of an {{Electron}}},
  author = {Koba, Z. and Tomonaga, S.},
  date = {1948-09-01},
  journaltitle = {Progress of Theoretical Physics},
  volume = {3},
  number = {3},
  pages = {290--303},
  doi = {10.1143/ptp/3.3.290}
}

@article{Renorm6,
  title = {The {{Radiation Theories}} of {{Tomonaga}}, {{Schwinger}}, and {{Feynman}}},
  author = {Dyson, F. J.},
  date = {1949-02-01},
  journaltitle = {Physical Review},
  volume = {75},
  number = {3},
  pages = {486--502},
  doi = {10.1103/PhysRev.75.486}
}

@article{Renorm7,
  title = {The {{Electromagnetic Shift}} of {{Energy Levels}}},
  author = {Bethe, H. A.},
  date = {1947-08-15},
  journaltitle = {Physical Review},
  volume = {72},
  number = {4},
  pages = {339--341},
  doi = {10.1103/PhysRev.72.339}
}

@article{Renorm8,
  title = {On {{Quantum-Electrodynamics}} and the {{Magnetic Moment}} of the {{Electron}}},
  author = {Schwinger, Julian},
  date = {1948-02-15},
  journaltitle = {Physical Review},
  volume = {73},
  number = {4},
  pages = {416--417},
  doi = {10.1103/PhysRev.73.416}
}

@article{Renorm9,
  title = {Quantum {{Electrodynamics}}. {{II}}. {{Vacuum Polarization}} and {{Self-Energy}}},
  author = {Schwinger, Julian},
  date = {1949-02-15},
  journaltitle = {Physical Review},
  volume = {75},
  number = {4},
  pages = {651--679},
  doi = {10.1103/PhysRev.75.651}
}

@article{Salam1964,
  title = {Electromagnetic and Weak Interactions},
  author = {Salam, A. and Ward, J.C.},
  date = {1964-11},
  journaltitle = {Physics Letters},
  volume = {13},
  number = {2},
  pages = {168--171},
  doi = {10.1016/0031-9163(64)90711-5}
}

@article{Strange2,
  title = {Charge {{Independence}} for {{{\emph{V}}}} -Particles},
  author = {Nakano, Tadao and Nishijima, Kazuhiko},
  date = {1953-11},
  journaltitle = {Progress of Theoretical Physics},
  volume = {10},
  number = {5},
  pages = {581--582},
  doi = {10.1143/PTP.10.581}
}

@article{Strange3,
  title = {The Interpretation of the New Particles as Displaced Charge Multiplets},
  author = {Gell-Mann, M.},
  date = {1956-04},
  journaltitle = {Il Nuovo Cimento},
  volume = {4},
  number = {S2},
  pages = {848--866},
  doi = {10.1007/BF02748000}
}

@article{StrongIso1,
  title = {On {{Nuclear Forces}}},
  author = {Cassen, B. and Condon, E. U.},
  date = {1936-11-01},
  journaltitle = {Physical Review},
  volume = {50},
  number = {9},
  pages = {846--849},
  doi = {10.1103/PhysRev.50.846}
}

@article{StrongIso2,
  title = {Isotopic {{Spin}} and {{New Unstable Particles}}},
  author = {Gell-Mann, M.},
  date = {1953-11-01},
  journaltitle = {Physical Review},
  volume = {92},
  number = {3},
  pages = {833--834},
  doi = {10.1103/PhysRev.92.833}
}

@article{StrongIso3,
  title = {Uber den Bau der Atomkerne},
  author = {Heisenberg, W.},
  date = {1932-01},
  journaltitle = {Zeitschrift fur Physik},
  volume = {77},
  number = {1-2},
  pages = {1--11},
  doi = {10.1007/BF01342433}
}

@article{StrongIso4,
  title = {On the {{Consequences}} of the {{Symmetry}} of the {{Nuclear Hamiltonian}} on the {{Spectroscopy}} of {{Nuclei}}},
  author = {Wigner, E.},
  date = {1937-01-15},
  journaltitle = {Physical Review},
  volume = {51},
  number = {2},
  pages = {106--119},
  doi = {10.1103/PhysRev.51.106}
}

@article{ThomsonElectron,
  title = {{{XL}}. {{Cathode Rays}}},
  author = {Thomson, J. J.},
  date = {1897-10},
  journaltitle = {The London, Edinburgh, and Dublin Philosophical Magazine and Journal of Science},
  volume = {44},
  number = {269},
  pages = {293--316},
  doi = {10.1080/14786449708621070}
}

@article{Weinberg1967,
  title = {A {{Model}} of {{Leptons}}},
  author = {Weinberg, Steven},
  date = {1967-11-20},
  journaltitle = {Physical Review Letters},
  volume = {19},
  number = {21},
  pages = {1264--1266},
  doi = {10.1103/PhysRevLett.19.1264}
}

@article{YangMills,
  title = {Conservation of {{Isotopic Spin}} and {{Isotopic Gauge Invariance}}},
  author = {Yang, C. N. and Mills, R. L.},
  date = {1954-10-01},
  journaltitle = {Physical Review},
  volume = {96},
  number = {1},
  pages = {191--195},
  doi = {10.1103/PhysRev.96.191}
}

@online{Zweig1964,
  title = {An SU$_3$ model for strong interaction symmetry and its breaking},
  author = {Zweig, G},
  date = {1964},
  eprinttype = {CERN Document Server},
  doi = {10.17181/CERN-TH-412},
  pubstate = {prepublished}
}
